@article{cuk2012kick,
  title={Kick for the cosmic clockwork},
  author={{\'C}uk, Matija},
  journal={Nature Geoscience},
  volume={5},
  number={1},
  pages={7--8},
  year={2012},
  publisher={Nature Publishing Group UK London}
}

@article{su2022dynamics,
  title={Dynamics of Colomboâ€™s top: tidal dissipation and resonance capture, with applications to oblique super-Earths, ultra-short-period planets and inspiraling hot Jupiters},
  author={Su, Yubo and Lai, Dong},
  journal={Monthly Notices of the Royal Astronomical Society},
  volume={509},
  number={3},
  pages={3301--3320},
  year={2022},
  publisher={Oxford University Press}
}

@article{colombo1966cassini,
  title={Cassini's second and third laws},
  author={Colombo, Giovanni},
  journal={Astronomical Journal, Vol. 71, p. 891 (1966)},
  volume={71},
  pages={891},
  year={1966}
}

@article{henrard1987colombo,
  title={Colombo's top},
  author={Henrard, Jacques and Murigande, Charles},
  journal={Celestial mechanics},
  volume={40},
  number={3-4},
  pages={345--366},
  year={1987},
  publisher={Springer}
}

@article{gladman1996synchronous,
  title={Synchronous locking of tidally evolving satellites},
  author={Gladman, Brett and Quinn, D Dane and Nicholson, Philip and Rand, Richard},
  journal={Icarus},
  volume={122},
  number={1},
  pages={166--192},
  year={1996},
  publisher={Elsevier}
}

@article{fabrycky2007cassini,
  title={Cassini states with dissipation: Why obliquity tides cannot inflate hot Jupiters},
  author={Fabrycky, Daniel C and Johnson, Eric T and Goodman, Jeremy},
  journal={The Astrophysical Journal},
  volume={665},
  number={1},
  pages={754},
  year={2007},
  publisher={IOP Publishing}
}

@book{guckenheimer2013nonlinear,
  title={Nonlinear oscillations, dynamical systems, and bifurcations of vector fields},
  author={Guckenheimer, John and Holmes, Philip},
  volume={42},
  year={2013},
  publisher={Springer Science \& Business Media}
}

@BOOK{2002morbidelli,
       author = {{Morbidelli}, Alessandro},
        title = "{Modern celestial mechanics : aspects of solar system dynamics}",
         year = 2002,
       publisher={CRC Press},
}

@incollection{henrard1993adiabatic,
  title={The adiabatic invariant in classical mechanics},
  author={Henrard, Jacques},
  booktitle={Dynamics Reported: Expositions in Dynamical Systems},
  pages={117--235},
  year={1993},
  publisher={Springer}
}
